block,timestamp,amount0,amount1,sqrtPriceX96,liquidity,tick
25587478,1784713703,7415916500,-3860632059752194867,1808141586243489927571991420554958,14458799555991919026,200719
25587481,1784713739,370767499,-193014485614499439,1808140528604992716687460164373986,14458799555991919026,200719
25587484,1784713775,4054347316,-2110601121231550044,1808128963395309287334294492815222,14458799555991919026,200719
25587487,1784713811,-5382312436,2804719500000000000,1808144324398489852754435421301870,14458799555991919026,200719
25587497,1784713931,-1869380290,974144000000000000,1808149659630438120208859211145987,14458799555991919026,200719
25587500,1784713967,-5409885276,2819152347738048291,1808165099680033134124193585561380,14458799555991919026,200719
25587502,1784713991,-82695260360,43097644076290547712,1808322090552289300556440283059851,22370043982742389802,200721
25587503,1784714003,-9951056313,5186605340064326656,1808340450808911568795622010737729,22370043982742389802,200721
25587507,1784714051,-1918583572,1000000000000000000,1808343990746003069288865354584065,22370043982742389802,200721
25587511,1784714099,109488488325,-57003940040929526545,1808122663981879309985101751704992,14458799555991919026,200719
25587512,1784714111,5000000000,-2602831112711037138,1808108401558114704005809058454797,14458799555991919026,200719
25587515,1784714147,-14051786,7322147960302737,1808108441660355982244483922729492,14458799555991919026,200719
25587516,1784714159,45530772494,-23699893996333507630,1807978576172848466079338138790432,14458799555991919026,200717
25587517,1784714171,68380213345,-35587198285964321487,1807783573239284781066868775394407,14458799555991919026,200715
25587517,1784714171,227727,-118503387971035,1807783572589935874589412739114641,14458799555991919026,200715
25587519,1784714195,38779663761,-20178736883763334179,1807673001567841799790785779474251,14458799555991919026,200714
25587519,1784714195,-3916681,2039933488058562,1807673012740233476822828141800908,14458799555991919026,200714
25587519,1784714195,22617661079,-11767808147147081510,1807608530082962494875195380051820,14458799555991919026,200713
25587520,1784714207,59476695055,-30941295001062378100,1807438984752504541126818665058877,14458799555991919026,200711
25587521,1784714219,114771320078,-59690566469987266784,1807111906689647776857078746995282,14458909199591759259,200708
25587523,1784714243,4994388984,-2597004306370314512,1807097676302251668094363536227590,14458909199591759259,200708
25587526,1784714279,543621983,-282672476674554010,1807096127387280896060562505299332,14458909199591759259,200708
25587527,1784714291,81000773222,-42113355274181550677,1806865365598156581383198913095238,14458909199591759259,200705
25587537,1784714411,2458030545,-1277793898237303671,1806858363876157238664418382255276,14458909199591759259,200705
25587539,1784714435,83150514547,-43219512763158283673,1806621540853499104326109418728167,14458909199591759259,200702
25587545,1784714507,-22480507413,11695368479466486000,1806685594043161865800835335468838,14458909199591759259,200703
25587545,1784714507,-959255,499065453641323,1806685596776443353454995900735787,14458909199591759259,200703
25587552,1784714591,56541,-29385934224400,1806685596615421969322506774899543,14458909199591759259,200703
25587555,1784714627,42348867,-22010532847518898,1806685476007840208036005990905415,14458909199591759259,200703
25587572,1784714831,-24987788,13000228038518048,1806685547207484210046279119129414,14458909199591759259,200703
25587574,1784714855,-21892005788,11390000000000000000,1806747927955174182290689434581762,14458909199591759259,200704
25587578,1784714903,-968671914,504000000000000000,1806750688262183466400538670664991,14458909199591759259,200704
25587579,1784714915,467540,-243018114540426,1806750686930556134978978455890429,14458909199591759259,200704
25587580,1784714927,-222038499,115526848850735941,1806751319647958204805026627999636,14458909199591759259,200704
25587581,1784714939,2500000,-1299452470489855,1806751312527557205645326731883743,14458909199591759259,200704
25587585,1784714987,-37152058,19330260296180972,1806751418395519481110939555231784,14458909199591759259,200704
25587590,1784715047,115374,-59969055739902,1806751418066916677925614135361860,14458909199591759259,200704
25587600,1784715167,6487054500,-3371813497950078667,1806732942082034573431496248650545,14458909199591759259,200704
25587606,1784715239,-96100130,50000000000000000,1806733215922015653204298752230230,14458909199591759259,200704
25587607,1784715251,334684,-173958552463435,1806733214968802912528925972645934,14458909199591759259,200704
25587612,1784715311,-9399847,4890653367186702,1806733241753931423291591410364557,14458909199591759259,200704
25587623,1784715443,1873484,-973781744563256,1806733236418055995437058633399136,14458909199591759259,200704
25587624,1784715455,1286821,-668851396860847,1806733232753058419417966341141632,14458909199591759259,200704
25587630,1784715539,-104864427,54560000000000000,1806733531567245773666048433047784,14458909199591759259,200704
25587635,1784715599,51668,-26855429065492,1806733531420090392231657858419051,14458909199591759259,200704
25587635,1784715599,-48046,24998175009639,1806733531557000387665024730459247,14458909199591759259,200704
25587638,1784715635,169983675519,-88328874947374608926,1806249535137863718028962977669444,14459522771684228697,200698
25587639,1784715647,12266780946,-6372375250402184832,1806214618938351973469712239558656,14459522771684228697,200698
25587639,1784715647,9625657027,-5000185686041948359,1806187221386552337826543799248733,14459522771684228697,200697
25587640,1784715659,-36091077428,18767573485727732961,1806290003264309390817863286888961,14459522771684228697,200699
25587642,1784715683,94107722747,-48883179720748533673,1806022157321653958227628727066203,14459522771684228697,200696
25587645,1784715719,128242911099,-66590978636356582023,1805657284914680969636395296859313,14459522771684228697,200692
25587646,1784715731,-48103690507,25000000000000000000,1805794199095189195727994064543330,14459522771684228697,200693
25587646,1784715731,-185550305,96439808822489005,1805794727254284927770980372661770,14459522771684228697,200693
25587648,1784715755,-35950995602,18686601704642003000,1805897065684639914994334257606890,14459522771684228697,200694
25587648,1784715755,-4671538169,2428326720000000000,1805910364579154916138255475810336,14459522771684228697,200694
25587648,1784715755,-86603972,45018216491365456,1805910611124443670426678594725982,14459522771684228697,200694
25587652,1784715803,-82650658827,42968821363902980096,1806145932763021395797144666546256,14459522771684228697,200697
25587653,1784715815,-19988014916,10393146761442032000,1806202851529891178188616419900754,14459522771684228697,200698
25587653,1784715815,-4707260888,2447724715852171382,1806216256658834403413080056795512,14459522771684228697,200698
25587656,1784715851,119968071,-62320182246800435,1806215915187431444174182473195152,14459522771684228697,200698
25587657,1784715863,-5769257733,3000000000000000000,1806232344889092431305174325317234,14459522771684228697,200698
25587659,1784715887,1128334,-586149251168814,1806232341677400810323140595576598,14459522771684228697,200698
25587665,1784715959,26579714212,-13807116077931500739,1806156688453750396080346809411348,14459561452801082327,200697
25587665,1784715959,5222084185,-2712531394132330967,1806141825701597029178923573226696,14459561452801082327,200697
25587668,1784716007,5746031595,-2984636240957170184,1806125472007474534914044459768402,14459561452801082327,200697
25587668,1784716007,-66063599,34349161810780494,1806125660122464921380220554923220,14459561452801082327,200697
25587670,1784716031,41271883069,-21436091264077508420,1806008205514461444562085182630212,14459561452801082327,200695
25587671,1784716043,25903719219,-13452638360965502324,1805934494577806326916851881457916,14459561452801082327,200695
25587672,1784716055,40067337378,-20806100131307325697,1805820491875312750085800452497841,14459561452801082327,200693
25587672,1784716055,1085040000,-563401230523001658,1805817404835335893399902155442142,14459561452801082327,200693
25587675,1784716091,-199623265755,103789528416000000000,1806385814296433183429424103391120,14458947880708612889,200700
25587675,1784716091,218403470584,-113437000173070656078,1805764259171856285259258988256024,14459561452801082327,200693
25587675,1784716091,26426834989,-13720590682362502858,1805689080046132293507250809368816,14459561452801082327,200692
25587676,1784716103,61263392348,-31803044872837600382,1805514821869917308293431294693667,14459561452801082327,200690
25587677,1784716115,102741056320,-53321148055391709629,1805222658808873559456414537626358,14459507741983535502,200687
25587678,1784716127,52996151111,-27497503390315342008,1805071991392926964835642517927335,14459507741983535502,200685
25587689,1784716259,21643818390,-11228759081048421426,1805010465512158302717646152381945,14459507741983535502,200684
25587689,1784716259,7838394275,-4066350626485508111,1804988184706060060007430054937713,14459507741983535502,200684
25587691,1784716283,120044,-62274360419226,1804988184364839374227049373390553,14459507741983535502,200684
25587691,1784716283,56647,-29385934224400,1804988184203824655475298344534996,14459507741983535502,200684
25587696,1784716343,1061855,-550855314192572,1804988181185516208640968729901733,14459507741983535502,200684
25587713,1784716547,-849241579,441000000000000000,1804990595315998022296941495434613,14465725909197885359,200684
25587725,1784716691,22933926021,-11896966726287043241,1804925436137735302789616217130337,14465725909197885359,200683
25587726,1784716703,-4259537,2211764999468376,1804925448245420798991813809160897,14465725909197885359,200683
25587733,1784716799,-653281,339216214452960,1804925450102364570502760565728893,14465725909197885359,200683
25587739,1784716871,24608397,-12765136463065184,1804925380188257766541545022757351,14465725909197885359,200683
25587741,1784716895,56651,-29385934224400,1804925380027312260800703684098501,14465725909197885359,200683
25587754,1784717051,175819938080,-91177950419363145985,1804422170909246316956093030704972,14077844945533287777,200678
25587755,1784717063,179590811815,-93080338750715649174,1803898327648153692625360599696712,14077844945533287777,200672
25587757,1784717087,24044306237,-12457850467566760981,1803828216590300626185494905047658,14077844945533287777,200671
25587757,1784717087,-221945315,115105089150102479,1803828864061910259204761735588211,14077844945533287777,200671
25587759,1784717111,26556387070,-13758295800900375494,1803751434277745822009754165949903,14077844945533287777,200670
25587759,1784717111,-237177589,122994369205031637,1803752126126931578961061684417779,14077844945533287777,200670
25587762,1784717147,23580919900,-12215789331503024989,1803683383705923313594702387774347,14079145427245992414,200670
25587763,1784717159,29373235614,-15215121116209631774,1803597771377716284988890448937801,14080948067942730923,200669
25587764,1784717171,29551734878,-15306124965491762795,1803511649608757385926559831132986,14080948067942730923,200668
25587765,1784717183,122388160045,-63374575766450607645,1803155066505963599819170527517875,14081012669298038973,200664
25587766,1784717195,-4000820621,2073361564251631003,1803162441761159524977754201886082,22261804952944433341,200664
25587766,1784717195,1847107879,-956278301586447714,1803157061169971495549672938827520,14081012669298038973,200664
25587766,1784717195,10245111288,-5303959963959003039,1803127217932708458252716059263221,14081012669298038973,200664
25587767,1784717207,78692043050,-40733524023846817381,1802898026869754822727398785825625,14081012669298038973,200661
25587768,1784717219,-39952314455,20700000000000000000,1803014439161332212952418969326702,14081012669298038973,200662
25587768,1784717219,8073036533,-4178816440334185297,1802990926651555557712679390271917,14081012669298038973,200662
25587769,1784717231,5783033247,-2993383396788818269,1802974084094006739888744883924557,14081012669298038973,200662
25587770,1784717243,-535068628,277234240000000000,1802975643198991383182475168927338,14081012669298038973,200662
25587774,1784717291,-83387297559,43211185809984806912,1803218653496668520300638032857303,14081012669298038973,200665
25587776,1784717315,-6658679506,3451021007288800000,1803238061287187370672743765251418,14081012669298038973,200665
25587781,1784717375,15546450000,-8049151260674571135,1803192771968928813070803549634270,14081012669298038973,200664
25587782,1784717387,20660750035,-10696446775762930448,1803132587389639064340539526084015,14081012669298038973,200664
25587785,1784717423,205117014083,-106154096713614850171,1802535315694802988623256162761532,14081913422484751717,200657
25587785,1784717423,-44399769333,22995214611374276608,1802664627501469308769716324749789,14081913422484751717,200658
25587787,1784717447,160473518,-83034154012282771,1802664160331756575314147615900145,14081913422484751717,200658
25587790,1784717483,4995000,-2584572537040100,1802664145790342574887369897744781,14081913422484751717,200658
25587793,1784717519,3797130,-1964756283532163,1802664134736160841028836330408879,14081913422484751717,200658
25587799,1784717591,-1594527562,825887361237842674,1802668779049709961788604055342910,14081913422484751717,200658
25587800,1784717603,-336436244,174258078721919809,1802669758976506321729179507018053,14081913422484751717,200658
25587800,1784717603,-3749134541,1941887369747489156,1802680679029585554508290115229325,14081913422484751717,200659
25587800,1784717603,-1449679103,750876544066595872,1802684901525619515697213273005820,14081913422484751717,200659
25587800,1784717603,-740472771,383537020001757967,1802687058316317842641952425771167,14081913422484751717,200659
25587802,1784717627,-467970270,242391456399842161,1802688421385881543962152820437424,14081913422484751717,200659
25587807,1784717687,-10135678310,5250000000000000000,1802717944353876040450334229913156,14081913422484751717,200659
25587807,1784717687,-36357807758,18833750000000000000,1802823858476563199802179641081526,14081012669298038973,200660
25587810,1784717723,-1581102211,819078796375636702,1802828464797320134027080933346876,14081012669298038973,200660
25587811,1784717735,-69557636858,36037983793385725952,1803031134569166360238506266257180,14081012669298038973,200662
25587812,1784717747,-200613366,103950000000000000,1803031719161326238002462345874326,14081012669298038973,200662
25587812,1784717747,-2649000568,1372614804880000000,1803039438448035857961454408602364,14081012669298038973,200663
25587812,1784717747,-17087978,8854401146725981,1803039488243259434572240246915696,14081012669298038973,200663
25587812,1784717747,-5646890,2926023784196789,1803039504698575388545293327349308,14081016541955475176,200663
25587813,1784717759,-30199488404,15649097701029195776,1803127511771448619135423347161519,14081019749581431325,200664
25587813,1784717759,80977,-41921368264222,1803127511535574155728263914986398,14081019749581431325,200664
25587814,1784717771,-21897774933,11348181479920736256,1803191331204513684878677528772627,14081019749581431325,200664
25587816,1784717795,-6357227041,3294684558001662367,1803209859783574910260479663276032,14081019749581431325,200664
25587816,1784717795,-37190,19274716067779,1803209859891971660922742051221585,14081019749581431325,200664
25587817,1784717807,-1981111896,1026741171958119347,1803215634057796986535141438846558,14081019749581431325,200665
25587819,1784717831,-945949985,490255191251290034,1803218391144829556745222724188292,14081019749581431325,200665
25587822,1784717867,-14087140511,7301085354426576896,1803259450838053814517053307620179,14081019749581431325,200665
25587823,1784717891,-8435697,4372154206687688,1803259475426084462166414354100131,14081019749581431325,200665
25587824,1784717903,-35125290216,18206189520948815872,1803361863019192057928170232049279,14081019749581431325,200666
25587825,1784717915,-1132088336,586820000000000000,1803365163165404326299295464337945,14081019749581431325,200666
25587825,1784717915,-3472519406,1800000000000000000,1803375285968277580564701241440974,14081019749581431325,200666
25587825,1784717915,-94879665,49181692856034663,1803375562555267444218289199414497,14081019749581431325,200666
25587825,1784717915,491250,-254388938356449,1803375561123924508239872327523455,14081019749581431325,200666
25587833,1784718011,-13988438487,7251192786372579000,1803416340232353626542883855612210,14081019749581431325,200667
25587833,1784718011,-9998598,5183095133140602,1803416369380937129935038381378860,14081019749581431325,200667
25587834,1784718023,-42159887261,21856423087947317248,1803539285082289204361145149014094,14081019749581431325,200668
25587835,1784718035,-7490909490,3883730238302901248,1803561126324297669406499955958437,14081019749581431325,200668
25587835,1784718035,-1060821171,550000000000000000,1803564219402953385987596165628807,14081019749581431325,200668
25587843,1784718131,-54697592020,28361389534565736448,1803719746956532982699107413031871,15067107704576554831,200670
25587844,1784718143,9985000,-5172610674488651,1803719719757123037754878314451663,15067107704576554831,200670
25587848,1784718191,-840568319,435882778124708789,1803722010636378925591997747787080,15067107704576554831,200670
25587855,1784718275,-497726121,258100000000000000,1803723367138552488143299113181321,15067107704576554831,200670
25587856,1784718287,132789999,-68790548873703092,1803723005413602187579762944646565,15067107704576554831,200670
25587867,1784718419,-1999495730,1036858557256378397,1803728454855239518879039463039060,15067107704576554831,200670
25587868,1784718431,-19990016851,10366368081344635000,1803782937617092651199819417994787,15067107704576554831,200671
25587869,1784718443,-69958077387,36283599118901527000,1803973634172960385382889537741075,15067107704576554831,200673
25587869,1784718443,-3384356734,1755483538295241197,1803982860508626215576410414253428,15067107704576554831,200673
25587877,1784718539,-22484065209,11663058151600466000,1804044158314643389013442168339721,15067107704576554831,200674
25587880,1784718575,19349693,-10027485005732360,1804044105586593173894882926523180,15067107704576554831,200674
25587880,1784718575,195841,-101489561153874,1804044105052925292689112594853098,15067107704576554831,200674
25587886,1784718659,31064195,-16098225387394794,1804044020402782598324173887626347,15067107704576554831,200674
25587888,1784718683,-404001285391,209700000000000000000,1805131561782040053020572949175317,15454988668241152413,200686
25587888,1784718683,4754071588,-2466630091006935686,1805118916896048356427455365179605,15454988668241152413,200686
25587888,1784718683,17307027172,-8979386523634841899,1805072885138274579994688275640328,15454988668241152413,200685
25587888,1784718683,486698469,-252506628959319368,1805071590693052745048336889191124,15454988668241152413,200685
25587888,1784718683,1644078,-852971766159569,1805071586320394365282583329389883,15454988668241152413,200685
25587889,1784718695,38329983753,-19885045976272099790,1804969647995622303314333884044372,15454988668241152413,200684
25587889,1784718695,2155818689,-1118341111980135016,1804963914952831503987432163879172,15454988668241152413,200684
25587890,1784718707,2604167,-1350919141442546,1804963908027505088072233415996475,15454988668241152413,200684
25587890,1784718707,-2857343060,1483745086355626270,1804971510467219233815572580263613,15454988668241152413,200684
25587890,1784718707,677607182,-351513412133453824,1804969708475490848919510620726285,15454988668241152413,200684
25587893,1784718743,25251070202,-13098666924776568972,1804902559716335238259148551936771,15454988668241152413,200683
25587893,1784718743,-53954658,28015252532584014,1804902703261389179209773535520616,15454988668241152413,200683
25587894,1784718755,41137695218,-21337565003756101551,1804793318770461004468984139392076,15454988668241152413,200682
25587894,1784718755,-192613,100000000000000,1804793319282842799971259459217116,15454988668241152413,200682
25587895,1784718767,35125540140,-18217094818323665498,1804699931511438619123380763230208,15454988668241152413,200681
25587896,1784718779,13214482500,-6852914929930581146,1804664800857549452735874387874669,15454988668241152413,200681
25587908,1784718923,39643447500,-20557143992846676934,1804559271850820575346026501115578,15067107704576554831,200679
25587913,1784718983,1879212844,-974407621919098193,1804554148072127396236498799490797,15067107704576554831,200679
25587919,1784719055,805537112,-417684627895308812,1804551951739146478610497978478113,15067107704576554831,200679
25587920,1784719067,-4160800769,2159615650000000000,1804563302081352153550615594021597,15067107704576554831,200679
25587929,1784719175,-36240574118,18811375939669325000,1804659732249956631258595141963262,15454988668241152413,200681
25587929,1784719175,-23962168684,12439134076149673528,1804723468108480942323167784693677,15454988668241152413,200681
25587929,1784719175,-9655473396,5012554617435101184,1804749151525830288502308465556279,15454988668241152413,200682
25587930,1784719187,-640191731772,332668570516023263856,1806453684598287610680548856038987,15454428806966229800,200700
25587930,1784719187,218780648128,-113643896077529808169,1805871101391787427133615166451599,15455042379058699238,200694
25587930,1784719187,85095794514,-44182547340546512118,1805644605601278685912543707973048,15455042379058699238,200691
25587932,1784719211,141073053131,-73222061872598177810,1805269242019271893737071572795380,15454988668241152413,200687
25587933,1784719223,21295781101,-11050642825139133959,1805212592212246389727644768216323,15454988668241152413,200687
25587935,1784719247,2765059271,-1434772404134273528,1805205237022045614987680182855785,15454988668241152413,200687
25587937,1784719271,137861578126,-71520712234608183108,1804838594591326554551518447948472,15454988668241152413,200683
25587937,1784719271,609748334,-316264612881846870,1804836973298378057975913142257562,15454988668241152413,200683
25587937,1784719271,348857848,-180945531901332217,1804836045702614939228144715199683,15454988668241152413,200683
25587937,1784719271,4391046949,-2277531614055027090,1804824370207490149734104315619073,15454988668241152413,200682
25587938,1784719283,56875970837,-29497550844303458506,1804673154519000666358628282768903,15454988668241152413,200681
25587939,1784719295,218638415,-113382773406533603,1804672573275688839772121909622316,15454988668241152413,200681
25587939,1784719295,-83701453,43449813937574364,1804672795904625635513511217422910,15454988668241152413,200681
25587939,1784719295,1800795048,-933864163551759522,1804668008560985056413553955582429,15454988668241152413,200681
25587940,1784719307,2498337861,-1295590758285398619,1804661366868949374303204214161475,15454988668241152413,200681
25587941,1784719319,31975182421,-16580882763018876287,1804576366944175704071650110426992,15454988668241152413,200680
25587943,1784719343,56673,-29385934224400,1804576366793532204917974929747471,15454988668241152413,200680
25587946,1784719379,9676436703,-5017453792219953403,1804550274347165953891344136740799,15067107704576554831,200679
25587947,1784719391,29399790,-15244241147871185,1804550194187573366435487234024369,15067107704576554831,200679
25587948,1784719403,7299289752,-3784751573777824774,1804530292629912614687863393502411,15067107704576554831,200679
25587952,1784719451,346933276,-179886144574253489,1804529346725165941614002934423443,15067107704576554831,200679
25587953,1784719463,63987470617,-33174507760217932709,1804354903471444530923432850663852,15067107704576554831,200677
25587957,1784719511,4943000,-2562466064293124,1804354889997094857466404977015758,15067107704576554831,200677
25587959,1784719535,3000000,-1555209160150611,1804354881819256980415926876443169,15067107704576554831,200677
25587961,1784719559,-1541657,800000000000000,1804354886023835588901169189857796,15067107704576554831,200677
25587964,1784719595,9949173259,-5157604273626097515,1804327765522835188255806283657499,15067107704576554831,200677
25587965,1784719607,-16633472453,8631429759414557696,1804373129928994034969351631325440,15067107704576554831,200677
25587967,1784719631,-306894342,159257472687646960,1804373966942197664848267559997005,15067107704576554831,200677
25587968,1784719643,100000000,-51841393933453405,1804373694341877546470578526928867,15067107704576554831,200677
25587969,1784719655,-828430144,429900000000000000,1804375953777307281227666698114394,15067107704576554831,200677
25587971,1784719679,-85881099062,44572399773249921024,1804609080708982477631466028517105,15454988668241152413,200680
25587972,1784719691,-37306576,19364653570927006,1804609179929942137142730619648057,15454988668241152413,200680
25587974,1784719715,-6208172618,3222493991239885824,1804625691402514405004471973105851,15454988668241152413,200680
25587976,1784719739,-43427964,22542485937368536,1804625806906108601741292081048571,15454988668241152413,200680
25587982,1784719811,-8564570424,4445733528932682958,1804648586026908463250502742710763,15454994420955447014,200680
25587983,1784719823,-481610975,250000000000000000,1804649866980920417395075665428573,15454994420955447014,200680
25587984,1784719835,-66776822309,34666694588177772544,1804827492746976078792766980014715,15454994420955447014,200682
25587985,1784719847,-3947786750,2049678011700000000,1804837994920065284029086190342313,15454994420955447014,200683
25587992,1784719931,92539,-47997813404925,1804837994674010289947780024429121,15454994420955447014,200683
25587992,1784719931,-69911741,36298163011543809,1804838180659120434758086276046140,15454994420955447014,200683
25587994,1784719955,-222021020,115273322294453512,1804838771298419092211541503052741,15454994420955447014,200683
25587995,1784719967,-488886200,253830000000000000,1804840071876646509493609282946588,15454994420955447014,200683
25587996,1784719979,15000000,-7780228104889010,1804840031992246690080027863362614,15454994420955447014,200683
25587999,1784720015,-76730824,39838720000000000,1804840236118519550551301784113559,15454994420955447014,200683
25588003,1784720063,11453037,-5940483552598027,1804840205665348006186909151827002,15454994420955447014,200683
25588003,1784720063,-39580602,20550291129124328,1804840310961259480896807354635784,15454994420955447014,200683
25588005,1784720087,962463667,-499211893482044323,1804837751811773653784243433167951,15454994420955447014,200683
25588005,1784720087,856739377,-444373491619353987,1804835473784732549700477393095529,15454994420955447014,200682
25588007,1784720111,-365588731,189813154328601173,1804836446352418785271977855865693,15454994420955447014,200683
25588007,1784720111,819587962,-425103207970141055,1804834267112159680002254414004890,15454994420955447014,200682
25588009,1784720135,-219537433,113983348990174613,1804834851141872419736506679876879,15454994420955447014,200682
25588015,1784720207,23826027551,-12357623621179207820,1804771501276716766668692439400969,15454994420955447014,200682
25588019,1784720255,-75293989007,39094079237112684544,1804971812147286497536141172509254,15454994420955447014,200684
25588021,1784720279,-4236661,2200000000000000,1804971823419681802732613414229170,15454994420955447014,200684
25588022,1784720291,-357054489,185410196624968400,1804972773427422698572879723125816,15454994420955447014,200684
25588026,1784720339,2891963819,-1500223438650159065,1804965082713135288612967103574852,15454994420955447014,200684
25588032,1784720411,-130518163110,67787584743227251873,1805312413827685362650828840931834,15454994420955447014,200688
25588032,1784720411,239308,-124189522360481,1805312413191042773715051236094077,15454994420955447014,200688
25588032,1784720411,134576,-69838304030553,1805312412833025141955127334937869,15454994420955447014,200688
25588032,1784720411,17720,-9195781681443,1805312412785884077671389848913276,15454994420955447014,200688
25588033,1784720423,64872977175,-33662834410635071461,1805139844330488175613928865924947,15454994420955447014,200686
25588035,1784720447,-33963720504,17640737712064432890,1805230232225472574464130841673366,15454994420955447014,200687
25588036,1784720459,-11989998734,6228020657657612288,1805262143457664413697868657787747,15454994420955447014,200687
25588036,1784720459,-13448533555,6985896163336831210,1805297937904534499217841548696064,15454994420955447014,200688
25588036,1784720459,-1129319783,586642422451205929,1805300943752392984699321560295782,15454994420955447014,200688
25588036,1784720459,-183151491,95141026009731875,1805301431237508859097977021038807,15454994420955447014,200688
25588036,1784720459,-3349096053,1739751561103359557,1805310345404476854436057385264728,15454994420955447014,200688
25588038,1784720483,-227635594702,118289917505425276928,1805916439621961655847198064447822,15455048131772993839,200694
25588038,1784720483,-8302853348,4316045578906916542,1805938554168707174654426563218455,15455048131772993839,200695
25588038,1784720483,-7440585753,3867905595316000000,1805958372536593023664052512438336,15455048131772993839,200695
25588040,1784720507,-190681944,99125000000000000,1805958880433093668294647476200152,15455048131772993839,200695
25588040,1784720507,-4999852572,2599166799082734513,1805972198039367018372925477250008,15455048131772993839,200695
25588040,1784720507,-487053001,253195912686033759,1805973495364139081525277092906864,15455048131772993839,200695
25588040,1784720507,-29310,15237219600690,1805973495442211520513866184288039,15455048131772993839,200695
25588045,1784720567,143459152,-74503133984055005,1805973113512219663959181761636409,15455048131772993839,200695
25588045,1784720567,8598358,-4465413368800532,1805973090620896837900082437621026,15455048131772993839,200695
25588045,1784720567,-138322223551,71921900594154536960,1806341603928654538453442082265265,15455048131772993839,200699
25588047,1784720591,-102666548183,53401388164771053568,1806615231585866977974693430707095,15454434559680524401,200702
25588048,1784720603,-3792937580,1973183590884269099,1806625342181874263025900753905888,15454434559680524401,200702
25588049,1784720615,-153325330089,79782271975881504775,1807034146676406869793404763504640,15454434559680524401,200707
25588052,1784720651,-5766656982,3001363300246996194,1807049525666958017645766922965370,15454434559680524401,200707
25588054,1784720675,-457276116,238000000000000000,1807050745179354558235819055067379,15454434559680524401,200707
25588061,1784720759,-10993194257,5721760555573674000,1807080063489974554324774046165639,15454434559680524401,200707
25588066,1784720819,56516,-29385934224400,1807080063339325464106188292799919,15454415084658862441,200707
25588067,1784720831,83957816171,-43650153020000292454,1806856287712859078968954211971269,15454415084658862441,200705
25588069,1784720855,327044150088,-169929116827151790121,1805985149257697131839553021071538,15455028656751331879,200695
25588069,1784720855,2364511206,-1227981554113711752,1805978854172498998620157387831263,15455028656751331879,200695
25588071,1784720879,87048151238,-45201492834870947789,1805747134691432614744380848639140,15455028656751331879,200693
25588071,1784720879,124262,-64516797306997,1805747134360695777209905103072278,15455028656751331879,200693
25588072,1784720891,-312234,162275330150452,1805747135192162876139400195763762,15455028656751331879,200693
25588075,1784720927,74207746027,-38524697733465967697,1805549643419055964417984452902704,15455028656751331879,200690
25588078,1784720963,2297680145,-1192698296955461134,1805543529208814083402856299892529,15455028656751331879,200690
25588096,1784721179,-423714203,220164480000000000,1805544657288610952094207702673743,15455028656751331879,200690
25588096,1784721179,19986309,-10374631178110406,1805544604104434897796117319207070,15455028656751331879,200690
25588100,1784721227,17825382261,-9252679455692986871,1805497171465655039864823974451615,15455028656751331879,200690
25588102,1784721251,61000000,-31662634796447336,1805497009151340974397680090643384,15455028656751331879,200690
25588103,1784721263,183962,-95487221234607,1805497008661838350362997904101144,15455028656751331879,200690
25588103,1784721263,4085000000,-2120345455181943657,1805486138990999134411928736564037,15455028656751331879,200690
25588105,1784721287,85920,-44597037906470,1805486138762378311676337879067558,15455028656751331879,200690
25588107,1784721311,10120470,-5253062773814122,1805486111833246028277433637379986,15455028656751331879,200690
25588117,1784721431,44031953358,-22853446546560630244,1805368956316340978230978608374467,15454974945933785054,200688
25588125,1784721527,2098593057,-1089136870087169602,1805363372980667810638988251675085,15454974945933785054,200688
25588127,1784721551,192399856,-99852169416525299,1805362861099934673912761659051796,15454974945933785054,200688
25588129,1784721575,-1162142,603734954397600,1805362864193365419951743921787141,15454974945933785054,200688
25588131,1784721599,63741075000,-33077389833403016093,1805193296735220945451966710021185,15454974945933785054,200686
25588131,1784721599,269332751,-139752649114528672,1805192580309239371280617772941266,15454974945933785054,200686
25588138,1784721683,-10088231852,5239943783936951296,1805219428851121330025131500672891,15454974945933785054,200687
25588140,1784721707,-7003758077,3637924257958822573,1805238068929303584120871490890268,15454974945933785054,200687
25588140,1784721707,-18553038201,9637267613895610268,1805287448577984646045436222847346,15454974945933785054,200688
25588142,1784721731,-17696566661,9192869755258926080,1805334551210916715468998837707460,15454974945933785054,200688
25588142,1784721731,-8832662951,4588500000000000000,1805358061870478182629926886186979,15454974945933785054,200688
25588142,1784721731,139453929,-72373736617201004,1805357690854789931333576968324918,15454974945933785054,200688
25588144,1784721755,-63572911460,33029147569468379136,1805526926137961178008473977856690,15455028656751331879,200690
25588144,1784721755,-502705958,261204303496930897,1805528264497798468954823218119661,15455028656751331879,200690
25588144,1784721755,-411677450,213906489028845968,1805529360512871802107903620083771,15455028656751331879,200690
25588144,1784721755,-139553884,72511879515839723,1805529732049580697182603878680231,15455028656751331879,200690
25588146,1784721779,-11828038770,6145930387805322240,1805561222596572857522788772632343,15455028656751331879,200691
25588147,1784721791,-121063056451,62917526574899904512,1805883599714798711094576314958997,15455028656751331879,200694
25588147,1784721791,-265864070,138196601125010534,1805884307807192747795887334027287,15455028656751331879,200694
25588147,1784721791,-154669408,80397474610128132,1805884719748150830358126686671558,15455028656751331879,200694
25588148,1784721803,-2062882416,1072294000000000000,1805890213973185238799142971831995,15455028656751331879,200694
25588153,1784721863,-12492169187,6493615687092350000,1805923485991747172521639312536886,15455028656751331879,200695
25588154,1784721875,-119986154347,62382779457119633408,1806243123170178915406745140046787,15455028656751331879,200698
25588155,1784721887,-36854556283,19165724680100814848,1806341324600327726839658777730407,15455028656751331879,200699
25588156,1784721899,-105198977,54710320000000000,1806341604925322350046371397670776,15455028656751331879,200699
25588159,1784721935,-3776757,1964160000000000,1806341614989294584884655960063795,15455028656751331879,200699
25588165,1784722007,-9223626403,4796952545193801728,1806366193637279813818145742822753,15455028656751331879,200699
25588166,1784722019,-43823826708,22793341859029389368,1806482986737662959579311818932224,15454415084658862441,200701
25588170,1784722067,-129953220140,67607691363216034009,1806829409097398485831614029889536,15454415084658862441,200705
25588171,1784722079,-84612455476,44033262383252357120,1807055035891541013118468052197085,15454415084658862441,200707
25588171,1784722079,-1277151495,664728085300000009,1807058441963649805654807637172940,15454415084658862441,200707
25588175,1784722127,252374739,-131224143732136912,1807057769233706391272992936419211,15454415084658862441,200707
25588176,1784722139,56897585897,-29581833992620428231,1806906115849337036797302358241876,15454415084658862441,200705
25588178,1784722175,-10194658,5305201747709664,1806906143033233887245760183098901,15454415084658862441,200705
25588178,1784722175,-121062949,63000000000000000,1806906465845745648481233303947776,15454415084658862441,200705
25588182,1784722223,-378630,197035463437727,1806906466855356963693481708602671,15454415084658862441,200705
25588183,1784722247,15788057,-8207740634374624,1806906424777788495852756503575018,15454415084658862441,200705
25588184,1784722259,22014947318,-11444544276465109743,1806847753504312894983158564746245,15454415084658862441,200705
25588185,1784722271,9631290250,-5006624875111157889,1806822086684373069280816405141962,15454415084658862441,200705
25588186,1784722283,142291829704,-73950862142243777477,1806442972308851235784510536679424,15454415084658862441,200700
25588186,1784722283,4329001425,-2249350320885370423,1806431440853807587810916091393834,15454415084658862441,200700
25588187,1784722295,6698798380,-3480640863868257309,1806413597099870236458889798611204,15454415084658862441,200700
25588189,1784722319,28592801,-14856437915360259,1806413520937280381494924028551148,15454415084658862441,200700
25588196,1784722403,41531630,-21579278959436668,1806413410309565843398402240508772,15454415084658862441,200700
25588197,1784722415,19137742467,-9943433617200425244,1806362434904764303802950342983156,15455028656751331879,200699
25588201,1784722463,3716329453,-1930835364599424385,1806352536732366677986625199939867,15455028656751331879,200699
25588201,1784722463,3394227592,-1763467432726670921,1806343496549559404580357936777675,15455028656751331879,200699
25588202,1784722475,30220855613,-15700436075775062058,1806263010338334365141359411086768,15455028656751331879,200698
25588203,1784722487,745768816,-387426523261865589,1806261024247449058452461403779471,15455028656751331879,200698
25588204,1784722499,44816264494,-23280462887880803008,1806141680030233221230115906119750,15455028656751331879,200697
25588205,1784722511,59226744151,-30761478105465607088,1805983985376884638506860220750083,15455028656751331879,200695
25588208,1784722559,60120429317,-31220151421379552345,1805823939395381234668784132557592,15455028656751331879,200693
25588210,1784722583,249411706,-129506365733026333,1805823275498107485792645815869632,15455028656751331879,200693
25588213,1784722619,-22580206820,11736832452012004909,1805883412735360050634761157863206,15455028656751331879,200694
25588214,1784722631,-18491358,9611834531509760,1805883461984522975739678290766740,15455028656751331879,200694
25588216,1784722655,-31977674779,16622825255415435000,1805968634094654059538230836817671,15455028656751331879,200695
25588217,1784722667,-6156710628,3200597973943843328,1805985033333588082482694036592045,15455028656751331879,200695
25588218,1784722679,-4998375620,2598474259984751640,1805998347408207985392143599960568,15455028656751331879,200695
25588218,1784722679,-107912079,56100000000000000,1805998634853651520759814232825715,15455028656751331879,200695
25588219,1784722691,-49799161274,25890879162659139584,1806131294661930151153818006565034,15455028656751331879,200697
25588219,1784722691,-22724512841,11815872843152649609,1806191836886710142583477763047424,15455028656751331879,200698
25588219,1784722691,-41381417,21517468355664440,1806191947138015583799221119834813,15455028656751331879,200698
25588219,1784722691,-368172987,191442340102099425,1806192928051177118499293266966455,15455028656751331879,200698
25588220,1784722703,-15771082354,8200831940936962747,1806234947512400320556070036259548,15455028656751331879,200698
25588220,1784722703,-1063547947,553049840000000000,1806237781231768519560073328216207,15455028656751331879,200698
25588220,1784722703,-635761995,330600000000000000,1806239475161601546165276736865365,15455028656751331879,200698
25588220,1784722703,-552905522,287514647380164451,1806240948330502421498728410124283,15455028656751331879,200698
25588221,1784722715,-8807455024,4580000000000000000,1806264415356017430124958330309236,15455028656751331879,200698
25588224,1784722751,-133348062866,69357405052176834560,1806619799053643910813756311295210,15454415084658862441,200702
25588225,1784722763,-985520630,512693624270218917,1806622426099939381297638517056987,15454415084658862441,200702
25588225,1784722763,-2308350157,1200870000000000000,1806628579367574281533235447752061,15454415084658862441,200702
25588227,1784722787,-1723804676,896778000284312329,1806633174465332440212630585856610,15454415084658862441,200702
25588231,1784722835,-19673871,10235000000000000,1806633226909555581105409433346899,15454415084658862441,200702
25588237,1784722907,-7979309942,4151150401935043584,1806654497437935697194590244866109,15454415084658862441,200703
25588239,1784722931,-2688676651,1398777203517729261,1806661664783689060925414891247523,15454415084658862441,200703
25588239,1784722931,-20000000000,10405297578171350658,1806714981613003864006664379916175,15454415084658862441,200703
25588243,1784722979,94495216,-49114834206709721,1806714729822299067090553141397182,15454415084658862441,200703
25588243,1784722979,18367734,-9546811948762426,1806714680879885884432969965168556,15454415084658862441,200703
25588248,1784723039,-82387207180,42869632593429766144,1806934345225532969987899555316943,15454415084658862441,200706
25588249,1784723051,69952955526,-36363831462977801771,1806747923446836858341990906241095,15454415084658862441,200704
25588249,1784723051,-14371285912,7477527208318852467,1806786238356993689894612266647552,15454415084658862441,200704
25588250,1784723063,-806566609,419674264692366494,1806788388771335069139178249901260,15454415084658862441,200704
25588251,1784723075,-2513537877,1307855192016590738,1806795090231962923878468922654817,15454415084658862441,200704
25588251,1784723075,-5352037220,2784828100000000000,1806809359713769023386981045426970,15454415084658862441,200704
25588253,1784723099,-30801006584,16027557609163952128,1806891485049153342710733501812677,15454415084658862441,200705
25588253,1784723099,-380150132,197823356613486387,1806892498697639587760785205478475,15454415084658862441,200705
25588254,1784723111,-19988178595,10401804704675705000,1806945797629442225863916288812039,15454415084658862441,200706
25588256,1784723135,-11677155556,6077050349104911360,1806976936484796099662902491515373,15454415084658862441,200706
25588260,1784723183,-10375854110,5400000000000000000,1807004606128661348417741421419027,15454415084658862441,200707
25588264,1784723231,-2246361284,1169115985034188545,1807010596688465619804802128890484,15454415084658862441,200707
25588265,1784723243,-5708265602,2970894732720548582,1807025819577209234798552584215922,15454415084658862441,200707
25588265,1784723243,76784245,-39923114206834461,1807025614908513387844973421346648,15454415084658862441,200707
25588266,1784723255,141616450,-73631874379554266,1807025237429451410004078397377068,15454415084658862441,200707
25588267,1784723267,-963862936,501651792867770549,1807027807897313079401563251984981,15454415084658862441,200707
25588267,1784723267,4791025,-2491045682085888,1807027795126789507359580970160471,15454415084658862441,200707
25588267,1784723267,-1163071828,605333880049622363,1807030896862508126296436733378518,15454415084658862441,200707
25588269,1784723291,185421,-96407989889671,1807030896368265681738657105034802,15454415084658862441,200707
25588279,1784723411,-1920213867,999401559849000000,1807036017309976680982944221985258,15454415084658862441,200707
25588282,1784723447,-12255498,6378560000000000,1807036049993769935264628974837985,15454415084658862441,200707
25588285,1784723483,31304189032,-16275699699486030429,1806952611457030729616513849620650,15454415084658862441,200706
25588287,1784723507,118535480520,-61615445847332242110,1806636735474003252277872794080745,15454415084658862441,200702
25588289,1784723531,1041322,-541190552054671,1806636732699551241348308386153486,15454415084658862441,200702
25588290,1784723543,-6286480,3270448414378759,1806636749457355483112702727192016,15454415084658862441,200702
25588295,1784723603,-90551090983,47114157624734752768,1806878162783742076593971910326604,15454415084658862441,200705
25588298,1784723639,-3975969073,2069003942716879360,1806888764376751478739740248527333,15454415084658862441,200705
25588298,1784723639,-7153508266,3722584260419501233,1806907838928741143188898679159993,15454415084658862441,200705
25588298,1784723639,-75000000,39029352783690527,1806908038915461849831854185579022,15454415084658862441,200705
25588300,1784723663,-62500000,32524467252662090,1806908205571096255036590967408606,15454415084658862441,200705
25588301,1784723675,-35651312317,18553616881654054912,1807003274454712483713167281685358,15454415084658862441,200707
25588302,1784723687,-48060146410,25014498877938417664,1807131448950160672713130086913611,15454415084658862441,200708
25588303,1784723699,-192685743503,100325343621616746496,1807645669086608265866106101122002,15448087273844672351,200714
25588307,1784723747,-9645745221,5023733786052790272,1807671421283574742951573901877623,15448087273844672351,200714
25588307,1784723747,-5624520267,2929450148958515348,1807686437958512594164924286529897,15448087273844672351,200714
25588315,1784723843,57605735671,-29970820194406930437,1807532730533669165266249463801775,15448394997619926243,200712
25588319,1784723903,-86551319927,45077475353285705974,1807763797893145752385749814978652,15448394997619926243,200715
25588319,1784723903,-52500000,27346436467525031,1807763938071113043641196997782618,15448394997619926243,200715
25588322,1784723939,131096,-68217376106134,1807763937721255510786412008416892,15448394997619926243,200715
25588325,1784723975,12388277316,-6446293044148677300,1807730877461403592898735113533552,15448394997619926243,200715
25588325,1784723975,-51037381,26583612694312747,1807731013729132485914309320910154,15448394997619926243,200715
25588325,1784723975,66253796,-34474817180975729,1807730836922647496068445311138006,15448394997619926243,200715
25588325,1784723975,-59899741,31199709548783037,1807730996852511477421054622128256,15448394997619926243,200715
25588327,1784723999,1447144825,-753012713416759733,1807727134974714911386074403525793,15448394997619926243,200715
25588331,1784724047,44094841409,-22942931108627528395,1807609470565259562616219654260567,15448394997619926243,200713
25588333,1784724071,1351072988,-702927917319773386,1807605865550804805046146984699185,15448394997619926243,200713
25588334,1784724083,6000000000,-3121609104806192695,1807589856162547986407263694568701,15448394997619926243,200713
25588340,1784724155,-104208400,54270100000000000,1807590134351346432864270897928437,15448394997619926243,200713
25588345,1784724215,28791158,-14978994782183062,1807590081774290582184634249124226,22571789418440336611,200713
25588345,1784724215,2921777954,-1520090539926985916,1807584746176917192689364309279023,22571789418440336611,200713
25588347,1784724239,-14839254729,7728175524482742272,1807624360842512781637237149273288,15448394997619926243,200713
25588347,1784724239,-3428526992,1785600000000000000,1807633513836859687090369948349492,15448394997619926243,200713
25588349,1784724263,-241650619,125853955671698690,1807634158964852965958867973609366,15448394997619926243,200713
25588352,1784724299,-41986496340,21868333072063897600,1807746256147304156828027295606089,15448394997619926243,200715
25588353,1784724311,-24914360195,12977728850091634688,1807812780048962176843214956072879,15448394997619926243,200715
25588356,1784724347,-95906855622,49966176371771867136,1808068906913807219811866124955898,15448394997619926243,200718
25588356,1784724347,-73963023,38539200000000000,1808069104465935207187896241202626,15448394997619926243,200718
25588357,1784724359,-51289573336,26726991596973613056,1808206103126827432994697877897625,15450580198722750554,200720
25588357,1784724359,-4110199803,2142000000000000000,1808217081476414429315065691258772,15450580198722750554,200720
25588360,1784724395,48646116492,-25324550676675231433,1808087208348100297051648113430161,15448394997619926243,200718
25588364,1784724443,230841244,-120164348366403728,1808086592076926349150921016302712,15448394997619926243,200718
25588364,1784724443,1005837271,-523587369371672744,1808083906822879091416974429311279,15448394997619926243,200718
25588366,1784724467,71819913158,-37381748942132662607,1807892191937241391763092530146185,15448394997619926243,200716
25588367,1784724479,3951681,-2056603392902329,1807892181389808608916921022395709,15448394997619926243,200716
25588368,1784724491,16704041,-8693410657388358,1807892136805050614774652148443665,15448394997619926243,200716
25588370,1784724515,23133493,-12039538956736994,1807892075059442141652737356977956,15448394997619926243,200716
25588370,1784724515,1982923249,-1031984718294936309,1807886782454418389650951754663006,15448394997619926243,200716
25588372,1784724539,46937017890,-24425951478741945260,1807761512272394855528124933565560,15448394997619926243,200715
25588372,1784724539,849415816,-442003492945449406,1807759245426902081047944577558225,15448394997619926243,200715
25588372,1784724539,9465483,-4925468835206087,1807759220166294400135182118378700,15448394997619926243,200715
25588374,1784724563,14946001,-7777316442224235,1807759180279788966765909813030752,15448394997619926243,200715
25588376,1784724587,-116270956305,60573827734871891968,1808069682017483695247263672582902,15448394997619926243,200718
25588376,1784724587,-649876954,338625699793503325,1808071417814479622016416277212491,15448394997619926243,200718
25588376,1784724587,-1631280644,849999999999999978,1808075774918643415494777283376154,15448394997619926243,200718
25588376,1784724587,-383829597,200000000000000000,1808076800119623131607359362125728,15448394997619926243,200718
25588377,1784724599,-254270609148,132541258210127462400,1808756125427947059138470323989109,15450580198722750554,200726
25588382,1784724659,-222058346,115793800399277318,1808756718903587017187255022082151,15450580198722750554,200726
25588384,1784724683,-17824592374,9295000000000000000,1808804358380436284599868852703937,15450580198722750554,200726
25588388,1784724731,-1097016587,572077838110828279,1808807290439492192050593180248185,15450580198722750554,200726
25588390,1784724755,73788148437,-38436825977336547187,1808610192398130828772879234647571,15450580198722750554,200724
25588390,1784724755,108765,-56650047211303,1808610192107638233079358260746174,15450580198722750554,200724
25588393,1784724791,56078713336,-29206240389319419691,1808460427067734621094951993656956,15450580198722750554,200723
25588394,1784724803,57906961812,-30153331133314454633,1808305805494392400950425537109506,15450580198722750554,200721
25588394,1784724803,5509945781,-2868872029685992734,1808291094366623918897222828444144,15450580198722750554,200721
25588395,1784724815,345552695,-179917902702715015,1808290171775714631575906021477233,15450580198722750554,200721
25588396,1784724827,-222001182,115704355747077293,1808290764792925709821154718628848,15450580198722750554,200721
25588397,1784724839,6305079,-3282847103855754,1808290747958998406866739958368002,15450580198722750554,200721
25588397,1784724839,5187262297,-2700816226061391950,1808276898595147511277516368023959,15450580198722750554,200721
25588399,1784724863,-6291326,3278914879884882,1808276915400504102024611406094480,15450580198722750554,200721
25588402,1784724899,13608816690,-7085412597948247730,1808240582511151683672201567026199,15450580198722750554,200720
25588404,1784724923,-22690694019,11825861661969610752,1808301193362455399682928789211311,15450580198722750554,200721
25588404,1784724923,-7625358085,3974337155125441664,1808321562952868824296992470421922,15450580198722750554,200721
25588405,1784724935,114862300,-59807050435521629,1808321256271653590967449042635829,15450580198722750554,200721
25588405,1784724935,6654160,-3464718704220594,1808321238505117122201510740807315,15450580198722750554,200721
25588407,1784724959,-226536586451,118111697933990150144,1808926594018764673513592870083602,15450580198722750554,200728
25588407,1784724959,-254414219,132690999233950266,1808927274097278510192840399851221,15450580198722750554,200728
25588408,1784724971,-6844844327,3570000000000000000,1808945571346590170726786755453133,15450580198722750554,200728
25588409,1784724983,-41147602218,21462483524261978112,1809055572582413932079648626794363,15450580198722750554,200729
25588410,1784724995,-54945749367,28663631900737060864,1809202482185764898427573024486364,15450520447839186578,200731
25588410,1784724995,-5001500000,2609371216029023890,1809215855995379778266339326569793,15450520447839186578,200731
25588412,1784725019,-436670385771,227967488653412696064,1810384150988617684695681957848038,15454668048699044220,200744
25588413,1784725031,-256372783228,133979035382323642368,1811082866673638233519199459408879,14466532151700531773,200752
25588413,1784725031,8056053286,-4207431747118698834,1811059824034066232798617106699865,14466532151700531773,200751
25588414,1784725043,119662378,-62495214818553544,1811059481769521828755709794918584,14466532151700531773,200751
25588414,1784725043,2522220816,-1317256757594379212,1811052267612641015237634460512866,14466532151700531773,200751
25588416,1784725067,42209917974,-22043023191500261386,1810931545645177887669017837582675,14466532151700531773,200750
25588416,1784725067,-1000000,522711557550501,1810931548506455839946935734945392,14466532151700531773,200750
25588417,1784725079,861097862,-449655200578747093,1810929085901393807207861654549031,14466532151700531773,200750
25588417,1784725079,467672663,-244212664500903360,1810927748433611741367138716054734,14466532151700531773,200750
25588417,1784725079,2921674653,-1525652857072858849,1810919392963812000078013039179974,14466532151700531773,200750
25588418,1784725091,165673474596,-86490355360651389008,1810474236114898270667729696690128,15454668048699044220,200745
25588418,1784725091,155779475,-81305226515905622,1810473819304671136510915537175180,15454668048699044220,200745
25588423,1784725151,92454954554,-48247962965254992759,1810226476725798003651237851955200,15454668048699044220,200742
25588423,1784725151,428743934,-223710912731843697,1810225329874601052518916735198155,15454668048699044220,200742
25588428,1784725211,2855979,-1490197780986527,1810225322235120760974557174328825,15454668048699044220,200742
25588432,1784725259,12399324849,-6469623140168665735,1810192155792985598046259227962050,15454668048699044220,200742
25588433,1784725271,16588958485,-8655286796184340050,1810147784573446309125665884341083,15454668048699044220,200741
25588434,1784725283,13356431125,-6968407751754129770,1810112061118236405072782174135358,15454668048699044220,200741
25588434,1784725283,-751251,392332387868131,1810112063128517842411585025277808,15454668048699044220,200741
25588439,1784725343,560775000,-292565316954259529,1810110563296078565882109692127032,15454668048699044220,200741
25588440,1784725355,26666954133,-13912018247029924029,1810039243508484041548203272107978,15454668048699044220,200740
25588441,1784725367,79683956933,-41564194536909137854,1809826122113967195354253117969677,15450520447839186578,200738
25588441,1784725367,341016173,-177857462472203411,1809825210085146632670447803734394,15450520447839186578,200738
25588442,1784725379,12521251172,-6530351973920255485,1809791723330495758787573407740685,15450520447839186578,200737
25588443,1784725391,28634653486,-14933251597950768563,1809715147652125370503694831101601,15450520447839186578,200737
25588443,1784725391,738038,-384877230937528,1809715145678527399891439628842217,15450520447839186578,200736
25588444,1784725403,8340064,-4349240270954904,1809715123376216214704834103853249,15450520447839186578,200736
25588444,1784725403,8647111086,-4509304381198469231,1809692000278094957488167500210414,15450520447839186578,200736
25588444,1784725403,345393826,-180113934218481176,1809691076678394900713071424880747,15450520447839186578,200736
25588445,1784725415,71058924458,-37051479354943303770,1809501081743425709972000052609024,15450520447839186578,200734
25588446,1784725427,-60487316,31567492474410914,1809501243536286679136522673550096,15450520447839186578,200734
25588448,1784725451,58713857755,-30608662064661909530,1809344286490044111530522060680060,15450520447839186578,200732
25588449,1784725463,985412402,-513669108932133369,1809341652464881112956545992425899,15450520447839186578,200732
25588449,1784725463,111667338,-58209099868131278,1809341353976552533298546994353635,15450520447839186578,200732
25588449,1784725463,-49314613,25732069395265342,1809341485861121112569273751638938,15450520447839186578,200732
25588452,1784725499,56375,-29385934224400,1809341485710434047999235129870488,15450520447839186578,200732
25588453,1784725511,-9489555,4951593702355089,1809341511088835962891194978026119,15450520447839186578,200732
25588454,1784725523,468139940,-244028258085300617,1809340259745196444330010683066128,15450520447839186578,200732
25588464,1784725643,-19011357,9920000000000000,1809340310588169864380314373251913,15450520447839186578,200732
25588464,1784725643,381757738,-198999393422661711,1809339290146409629976559256541253,15450520447839186578,200732
25588464,1784725643,15000027722,-7818907888429326246,1809299195852695713151227886167818,15450520447839186578,200732
25588472,1784725739,11697270574,-6097073667565589767,1809267930890131757191195533174066,15450520447839186578,200732
25588473,1784725751,94233461242,-49110470116580024240,1809016099348945547424519490706227,15450580198722750554,200729
25588474,1784725763,20259320594,-10556510302924906460,1808961967212604623438878499701862,15450580198722750554,200728
25588474,1784725763,15000000000,-7815632682538751322,1808921889868688751289902709572161,15450580198722750554,200728
25588475,1784725775,41686122265,-21718409558311808568,1808810521255995518875258077978745,15450580198722750554,200726
25588476,1784725787,93911305721,-48917857702628712532,1808559678120652684668557783593835,15450580198722750554,200724
25588477,1784725799,9504785323,-4950231799083360262,1808534294105009474239774153316203,15450580198722750554,200723
25588477,1784725799,-30000000,15639857973637463,1808534374263659486174389366881673,15450580198722750554,200723
25588478,1784725811,6940362368,-3614555201278596824,1808515839389032101387183039670264,15450580198722750554,200723
25588478,1784725811,243495,-126811272770405,1808515838738763697322656897451623,15450580198722750554,200723
25588484,1784725883,1189681800,-619581324761057636,1808512661622483427780720892264576,15450580198722750554,200723
25588485,1784725895,56426,-29385934224400,1808512661471796945951597751845910,15450580198722750554,200723
25588485,1784725895,56426,-29385934224400,1808512661321110464122474611427244,15450580198722750554,200723
25588487,1784725919,-1830975,954517214922123,1808512666213278378324695290050594,15450580198722750554,200723
25588489,1784725943,-47838303,24938880000000000,1808512794032019250477260226770143,15450580198722750554,200723
25588489,1784725943,492007500,-256234857212174699,1808511480099684806252702254453659,15450580198722750554,200723
25588489,1784725943,984015000,-512468597457604102,1808508852240743548849234108384707,15450580198722750554,200723
25588491,1784725967,244755000,-127466577024411507,1808508198612041601338254821726433,15450580198722750554,200723
25588492,1784725979,97902000,-50986605115456862,1808507937160692578731560788879743,15450580198722750554,200723
25588498,1784726063,9913187,-5162710157089143,1808507910687121096042825304469972,15450580198722750554,200723
25588505,1784726147,-1918232,1000000000000000,1808507915812401015275467866474342,15450580198722750554,200723
25588505,1784726147,1918232,-998999772055478,1808507910689686186827310380007790,15450580198722750554,200723
25588509,1784726195,-1918232,1000000000000000,1808507915814966106059952942012160,15450580198722750554,200723
25588509,1784726195,1918232,-998999772058312,1808507910692251277597263886770590,15450580198722750554,200723
25588510,1784726207,-47681754,24857137403953781,1808508038092038463688193522155110,15450580198722750554,200723
25588511,1784726219,-7416366292,3866293779320480789,1808527853929907469030333986897825,15450580198722750554,200723
25588513,1784726243,-4259094,2220371793633005,1808527865309934436168137000595130,15450580198722750554,200723
25588513,1784726243,-287728334,150000000000000000,1808528634101922321064521301250672,15450580198722750554,200723
25588514,1784726255,-832298634,433898879385975459,1808530857955135815550937104855312,15450580198722750554,200723
25588514,1784726255,-1918183,1000000000000000,1808530863080415734783579666859682,15450580198722750554,200723
25588514,1784726255,1918183,-998999591619772,1808530857957701831581547775141843,15450580198722750554,200723
25588515,1784726267,-1918177924,1000000000000000000,1808535983237621064224109779512126,15450580198722750554,200723
25588516,1784726279,-1918172,1000000000000000,1808535988362900983456752341516496,15450580198722750554,200723
25588516,1784726279,1918172,-998999522095910,1808535983240187436762226235584329,15450580198722750554,200723
25588519,1784726327,-24942974246,13003988747530860544,1808602632322585083923859956711639,15450580198722750554,200724
25588521,1784726351,1084507077,-564861067983773111,1808599735804575169195800200605945,15450587339353983141,200724
25588521,1784726351,185623,-96680726028372,1808599735308811732794730339661912,15450587339353983141,200724
25588523,1784726375,2057376,-1071573978697520,1808599729813950245292612330333069,15450587339353983141,200724
25588524,1784726387,-223385938892,116504352552791923562,1809196847401195608107563474093914,15450527588470419165,200731
25588524,1784726387,22937874049,-11954563513376356899,1809135546057574717410318126940160,15450527588470419165,200730
25588524,1784726387,240000000,-125076849148945051,1809134904680840207739041500240567,15450527588470419165,200730
25588525,1784726399,141627536120,-73794227068508855574,1808756499377917502220328147963723,15450587339353983141,200726
25588526,1784726411,-9109050600,4750039306222970134,1808780844647737856704630300819714,15450587339353983141,200726
25588529,1784726447,-1917653,1000000000000000,1808780849773015407241956419675757,15450587339353983141,200726
25588529,1784726447,1917653,-999000066835680,1808780844650301434717491779497957,15450587339353983141,200726
25588531,1784726471,-18016751968,9395458874237403542,1808828998984746560380686473856805,15450587339353983141,200727
25588535,1784726519,-1917551,1000000000000000,1808829004110024110918012592712848,15450587339353983141,200727
25588535,1784726519,1917551,-999000093128360,1808828998987310003568852601069797,15450587339353983141,200727
25588536,1784726531,-1917551,1000000000000000,1808829004112587554106178719925840,15450587339353983141,200727
25588536,1784726531,1917551,-999000093131192,1808828998989873446742499073262903,15450587339353983141,200727
25588538,1784726555,-97901647,51055568785542477,1808829260663833973197602962630196,15450587339353983141,200727
25588539,1784726567,2984148061,-1554666475229499532,1808821288580608293609854707648315,15450587339353983141,200727
25588539,1784726567,97902000,-51004260302477790,1808821027038847102962980762539637,15450587339353983141,200727
25588539,1784726567,3943724181,-2054560008799089082,1808810491580828764051032445501071,15450587339353983141,200726
25588541,1784726591,-520881156,271633388474381793,1808811883777336688184500087072040,15450587339353983141,200727
25588542,1784726603,-975944836,508944864365639964,1808814492261024482663367548083711,15450587339353983141,200727
25588545,1784726639,-1917581,1000000000000000,1808814497386302033200693666939754,15450587339353983141,200727
25588545,1784726639,1917581,-998999706206417,1808814492263589909925919839379385,15450587339353983141,200727
25588546,1784726651,-917565608,478502055654170148,1808816944719433640206390944869184,15450587339353983141,200727
25588547,1784726663,-545579874,284515520000000000,1808818402940441075660011060778105,15450587339353983141,200727
25588548,1784726675,-916384785,477888333005145788,1808820852250785890639635450925602,15450587339353983141,200727
25588548,1784726675,-1917568,1000000000000000,1808820857376063441176961569781645,15450587339353983141,200727
25588548,1784726675,1917568,-998999955373753,1808820852253350040211589445411209,15450587339353983141,200727
25588551,1784726711,1533151770,-798727998117679749,1808816756502797025540563042645079,15450587339353983141,200727
25588551,1784726711,1123219291,-585162665169639972,1808813755881415128045940573974417,15450587339353983141,200727
25588552,1784726723,-432552951,225572054773188743,1808814912000803485646300475405991,15450587339353983141,200727
25588554,1784726747,4820975,-2511578290606050,1808814899121828168727739766290560,15450587339353983141,200727
25588555,1784726759,12494712748,-6509237926178571149,1808781520781643927435536885798117,15450587339353983141,200726
25588556,1784726771,57725099633,-30069314243005289842,1808627330105055906140411996949716,15450587339353983141,200724
25588556,1784726771,461487718,-240370773180090821,1808626097521836711323916581081669,15450587339353983141,200724
25588558,1784726795,49950000,-26016967705960661,1808625964110950751929440938011129,15450587339353983141,200724
25588558,1784726795,216248,-112634514783098,1808625963533378815927962787450986,15450587339353983141,200724
25588561,1784726831,117243410059,-61056851813560029209,1808312873676543875013005157579705,15450587339353983141,200721
25588562,1784726843,90760583,-47257200927707702,1808312631349109141634324549011323,15450587339353983141,200721
25588562,1784726843,239417,-124659424679182,1808312630709875373979385741190831,15450587339353983141,200721
25588562,1784726843,49950000,-26007950088784862,1808312497345230325911039239477236,15450587339353983141,200721
25588565,1784726879,9920000,-5165141983468268,1808312470859201058069364068442377,15450587339353983141,200721
25588567,1784726903,36376497856,-18939484130760032782,1808215352187030830615676358874849,15450587339353983141,200720
25588569,1784726927,22654197,-11794311026582951,1808215291707673623411628347602759,15450587339353983141,200720
25588573,1784726975,-43733471,22791467354120640,1808215408520269597290491740726412,15450587339353983141,200720
25588573,1784726975,-17604382,9174431844070366,1808215455541779166639096886846850,15450587339353983141,200720
25588575,1784726999,115095113770,-59911069290922382931,1807908202971975401314881786760100,15448402138251158830,200717
25588576,1784727011,201486213392,-104831680255279919402,1807370566695706834819014042256236,15448402138251158830,200711
25588576,1784727011,-6189660,3222695655142514,1807370583215252913970010283982329,15448402138251158830,200711
25588576,1784727011,-820075,426979025229639,1807370585403948477218931513369960,15448402138251158830,200711
25588577,1784727023,62746248668,-32633646308959878767,1807203250467308818390504011312023,15454729949065348920,200709
25588578,1784727035,235336747742,-122342296903682023603,1806576066723988897358663884320237,15454729949065348920,200702
25588579,1784727047,136653772662,-71001946015051041803,1806212083880199699489620368783266,15455343521157818358,200698
25588580,1784727059,57603309059,-29920694440843357428,1806058702518054395631043469230040,15455343521157818358,200696
25588582,1784727083,9160204782,-4757586281417343516,1806034313877416045703031337064529,15455343521157818358,200696
25588582,1784727083,-988038747,513670515675325201,1806036945771197861561474845501311,15455343521157818358,200696
25588583,1784727095,9961401311,-5173577400384170858,1806010424650493127095284547436682,15455343521157818358,200696
25588583,1784727095,-538591067,280000000000000000,1806011859286580696954069523283781,15455343521157818358,200696
25588584,1784727107,-984976379,512065688725656235,1806014482957710168884810329982126,15455343521157818358,200696
25588584,1784727107,-4388731,2281600000000000,1806014494647944802454059629271028,15455343521157818358,200696
25588585,1784727119,-95893760238,49860000000000000000,1806269962345538492307698542615321,15455343521157818358,200698
25588586,1784727131,-752572033,391355922852344397,1806271967536002807232175150202190,15455343521157818358,200698
25588586,1784727131,349148,-181383986677241,1806271966606180706916086833396884,15455343521157818358,200698
25588589,1784727167,36173368104,-18791251302407485916,1806175637701553293606180171889474,15455343521157818358,200697
25588590,1784727179,2104448941,-1093152209085134867,1806170033915344616960263468127746,15455343521157818358,200697
25588590,1784727179,-467745632,243212190723055390,1806171280061722289169150799664775,15455343521157818358,200697
25588590,1784727179,284445,-147753783898233,1806171279304297467989261467693026,15455343521157818358,200697
25588592,1784727203,2484553157,-1290589707282616627,1806164663401459213639217249781829,15455343521157818358,200697
25588593,1784727215,249303968854,-129451745971600977729,1805501059648261954815207934001152,15455343521157818358,200690
25588593,1784727215,1857794918,-964307862082414789,1805496116352119345044139613766728,15455343521157818358,200690
25588596,1784727251,36609843869,-19001644724303833911,1805398708676241222083421401427083,15455289810340271533,200689
25588596,1784727251,2302438675,-1194968573547031297,1805392582931237004759363379073878,15455289810340271533,200689
25588597,1784727263,126129938441,-65449209659554262019,1805057071874312789146157956470881,15455289810340271533,200685
25588599,1784727287,185048998208,-95978476359400897682,1804565059343073103644003660289558,15455294001789727199,200680
25588599,1784727287,1982018,-1027722488776887,1804565053939055625841721542625040,15067413038125129617,200679
25588599,1784727287,-183671040,95333146212758029,1804565542534716104080343402608748,15455294001789727199,200680
25588600,1784727299,300700388579,-155849595360352601855,1803746059480995576420925142663169,15067413038125129617,200670
25588601,1784727311,2081012588,-1078071992900992793,1803740390713381685822305207943207,15067413038125129617,200670
25588601,1784727311,-805207932,417555941495145669,1803742585227384382379111802268219,15067413038125129617,200670
25588602,1784727323,64956546019,-33647450815675434669,1803558838710127393995025733855536,14081325083130006111,200668
25588603,1784727335,-61792425,32037155801863390,1803559018876116666627895054526096,14081325083130006111,200668
25588606,1784727371,325054,-168360121404853,1803559017928843382271618265010807,14081325083130006111,200668
25588609,1784727407,-3359385277,1741730367406017115,1803568812823765722402678950011881,14081325083130006111,200668
25588609,1784727407,-48080092012,24930000000000000000,1803706002540560302008959847017333,15067413038125129617,200670
25588609,1784727407,2513175082,-1301895808114056911,1803699156852292454884289655338177,15067413038125129617,200670
25588610,1784727419,59958778,-31060222666736654,1803698993530004618029675094340462,15067413038125129617,200670
25588612,1784727443,50987835224,-26410924542684580856,1803552910473305518989331270597125,14081325083130006111,200668
25588613,1784727455,414670110410,-214631395814709631290,1802345319842130319304876671039234,14082225836316718855,200655
25588614,1784727467,37151802317,-19215578937071296064,1802237210866423808751177862485154,14082225836316718855,200654
25588614,1784727467,10000001000,-5171786251880402529,1802208113824065894744399264865114,14082225836316718855,200653
25588614,1784727467,10025266852,-5184685581887608447,1802178944208648436384792331068700,14082225836316718855,200653
25588614,1784727467,9762535901,-5048649865864958614,1802150539945238683493195404908766,14082225836316718855,200653
25588614,1784727467,14636187269,-7568737778472880732,1802107957388069756215339401079564,14082225836316718855,200652
25588615,1784727479,-28969263362,14996068533551720448,1802192284746058247125727715029327,14082225836316718855,200653
25588616,1784727491,-9913088843,5131877002760517632,1802221142818305413238207117957058,14082225836316718855,200654
25588617,1784727503,-1950728468,1009886078204519820,1802226821708386090659643449240066,14082225836316718855,200654
25588617,1784727503,-391966792,202920760443476938,1802227962792235562843559387877811,14082225836316718855,200654
25588618,1784727515,-96086594160,49751673516898140160,1802507731264472087935150215078042,14082225836316718855,200657
25588618,1784727515,-1931018074,1000000000000000000,1802513354562191741562853168383413,14082225836316718855,200657
25588619,1784727527,-122166201327,63277864080907214848,1802869191720228071421360534105486,14081325083130006111,200661
25588619,1784727527,-32127920,16644436721757525,1802869285322838315829032620440865,14081325083130006111,200661
25588620,1784727539,-228795709480,118575507721375072256,1803536113357893902653168469413655,14081325083130006111,200668
25588621,1784727551,-25762259503,13357025588043034215,1803611228694089560661674057029961,14081325083130006111,200669
25588621,1784727551,-20022355197,10381810630352910336,1803669182793308849609146802331658,15067413038125129617,200670
25588622,1784727563,100268,-51939289034547,1803669182520199297087280513713575,15067413038125129617,200670
25588623,1784727575,-8967580097,4650000000000000000,1803693621138114778532538369586242,15067413038125129617,200670
25588623,1784727575,92145463376,-47726483249055225269,1803427230497420452512492250600642,14081325083130006111,200667
25588623,1784727575,-27842344859,14433798400000000000,1803508401235040878004725960026113,14081325083130006111,200668
25588623,1784727575,29725008,-15395079022914767,1803508314615080359607829652374253,14081325083130006111,200668
25588623,1784727575,-2124511,1101421189802579,1803508320809095817593022799450947,14081325083130006111,200668
25588624,1784727587,10120372767,-5241424560202712002,1803478830087561414183717569790827,14081325083130006111,200667
25588624,1784727587,2797520804,-1448828866447040875,1803470678294444746190855099978354,14081325083130006111,200667
25588626,1784727611,17210481511,-8912976204514329132,1803420529695286060566518226881698,14081325083130006111,200667
25588626,1784727611,6017952682,-3116464580869288202,1803402994998741140168123986249235,14081325083130006111,200667
25588626,1784727611,-467827789,242510167624323365,1803404358792847237656416297828863,14081325083130006111,200667
25588626,1784727611,1694962494,-877745808217561094,1803399420181805369901628795339310,14081325083130006111,200667
25588629,1784727647,8234430282,-4264177373306391472,1803375427912901165918631241326799,14081325083130006111,200666
25588630,1784727659,163684700045,-84740139933864429249,1802898640001356880830619085765977,14081325083130006111,200661
25588630,1784727659,10942474160,-5663359190973386854,1802866775276999607820888420783567,14081325083130006111,200661
25588631,1784727671,179543888952,-92895699330949282062,1802344127047358138005100852235497,14082225836316718855,200655
25588632,1784727683,22622331329,-11700934771223357652,1802278296292163704639375297626736,14082225836316718855,200654
25588635,1784727719,135212429173,-69918024982809395279,1801884929738438324504556760902598,14082225836316718855,200650
25588635,1784727719,376535,-194662475880168,1801884928643245671458951123482013,14082225836316718855,200650
25588636,1784727731,33378805355,-17255403648385713107,1801787830080198539076827479974553,14078780174734413561,200649
25588636,1784727731,458200,-236856419817976,1801787828747291945680185001596962,14078780174734413561,200649
25588637,1784727743,134544860809,-69535040716745268781,1801396521159704997089288346759497,14078780174734413561,200644
25588638,1784727755,140406305745,-72532135847053918426,1800988347456083298821820480160778,14078780174734413561,200640
25588638,1784727755,133883,-69146576405857,1800988347066961789373177088107441,14078780174734413561,200640
25588639,1784727767,-68787445058,35566182777343692800,1801188395249580280880821922108907,14078780174734413561,200642
25588640,1784727779,-18160022311,9390861337126313674,1801241215782935665152521014680537,14078780174734413561,200643
25588641,1784727791,77251349125,-39904264325927585176,1801016655025555532830703672016205,14078780174734413561,200640
25588642,1784727803,174303822664,-90000277506543603864,1800510159648262677318567533626404,14078156306812351430,200635
25588643,1784727815,43724171906,-22568658230679431659,1800383149173093857132584918258181,14078156306812351430,200633
25588643,1784727815,2081512255,-1074313475478466738,1800377103219293409204893816270623,14078156306812351430,200633
25588644,1784727827,80633199,-41616391891877190,1800376869013180889239167244485400,14078156306812351430,200633
25588644,1784727827,10202363209,-5265554501428127813,1800347235856773541185780876925678,14078156306812351430,200633
25588645,1784727839,-1735131969,896405091477580703,1800352278066595271702345166379166,14078156306812351430,200633
25588646,1784727851,986731192,-509256735279013078,1800349412103573917450603383593051,14078156306812351430,200633
25588647,1784727863,137407909602,-70901055828346765580,1799950400288077676035125706796977,14078244906732859763,200628
25588647,1784727863,-37166158369,19193440510360158208,1800058361238005732194143236875697,14078244906732859763,200629
25588647,1784727863,-62558286,32308447896795230,1800058542969401088662677354799620,14078244906732859763,200629
25588647,1784727863,-14438716547,7457100640472007679,1800100488581952990673166725916273,14078156306812351430,200630
25588647,1784727863,-7376679194,3809935301049078783,1800121919175529207477087054022691,14078156306812351430,200630
25588648,1784727875,-91256326408,47139918053036728320,1800387077595603328784022200735444,14078156306812351430,200633
25588648,1784727875,29970000,-15468283641267048,1800386990544169643961438117563868,14078156306812351430,200633
25588651,1784727911,286378589810,-147739049980160644372,1799555557183395026351998081251311,14078244906732859763,200624
25588652,1784727923,-47775447,24660015566553088,1799555695893216455640177197806423,14078244906732859763,200624
25588652,1784727923,-6508826064,3359664000000000000,1799574593626360407052239173362420,14078244906732859763,200624
25588652,1784727923,-468221525,241684859120321786,1799575953076582985659126129326328,14078244906732859763,200624
25588652,1784727923,229857,-118528173574650,1799575952409541784095694535697776,14078244906732859763,200624
25588652,1784727923,-97586851,50372066581021444,1799576235746766029584591584556216,14078244906732859763,200624
25588653,1784727935,56988,-29385934224400,1799576235581390758179077319021800,14078244906732859763,200624
25588656,1784727971,11963462950,-6168970029521057422,1799541518458391230383872158990336,14078244906732859763,200624
25588656,1784727971,4300000000,-2217240573424896166,1799529040489891015139638093251374,14078244906732859763,200624
25588657,1784727983,35978968422,-18550894743930870878,1799424641588373521010187204642894,14078244906732859763,200622
25588657,1784727983,-19375863373,10000000000000000000,1799480890466665967552644949095902,14078244906732859763,200623
25588658,1784727995,231519739725,-119328456258375786766,1798809291160750661023348989818322,14076343496695831396,200616
25588661,1784728031,-8760373175,4518112301973225472,1798834708468514893653219720033815,14076343496695831396,200616
25588661,1784728031,-467807422,241272590515097111,1798836065783091938940487654639802,14076343496695831396,200616
25588664,1784728079,-394775044813,203735875134039162880,1799982118919382062605221334302295,14077937182957605871,200629
25588664,1784728079,-14523011086,7500000000000000000,1800024306500242029179091987095615,14077937182957605871,200629
25588664,1784728079,149899484,-77335767921574262,1800023871268097615769278629912713,14077937182957605871,200629
25588664,1784728079,-3133557228,1618282695339693261,1800032974125706139497501795739970,14077937182957605871,200629
25588664,1784728079,467638487,-241265081306064446,1800031616328123843549038740025084,14077937182957605871,200629
25588664,1784728079,3871842,-1997567725062431,1800031605086162873153068710875579,14077937182957605871,200629
25588667,1784728115,-5032830779,2599166799082734513,1800046225427430185600532723803458,14077937182957605871,200629
25588667,1784728115,-108587279,56079531498449409,1800046540875399476250777676922916,14077937182957605871,200629
25588668,1784728127,-50458524038,26061260213387369134,1800193136586081290489863941914624,14077848583037097538,200631
25588668,1784728127,-467861865,241665254047848531,1800194495964296069844999599521716,14077848583037097538,200631
25588668,1784728127,-10003474418,5167194044707343360,1800223561669432655315878847568187,14077848583037097538,200631
25588670,1784728151,67534862,-34850136207489326,1800223365537741168153915826073700,14077848583037097538,200631
25588671,1784728163,-139599807241,72126275494500630528,1800629079168385751492469103715464,14077848583037097538,200636
25588671,1784728163,-93102940255,48121065043933497330,1800899762381619838318990645529697,14077848583037097538,200639
25588671,1784728163,4136306029,-2136055223846555193,1800887740961626851866674583620175,14077848583037097538,200639
25588673,1784728187,381673005014,-196979457826403145141,1799779169892204572542668269050812,14077937182957605871,200626
25588674,1784728199,986669543,-508900765598792893,1799776305887909305179532165661754,14077937182957605871,200626
25588674,1784728199,56975,-29385934224400,1799776305722530418904723544425052,14077937182957605871,200626
25588675,1784728211,441739,-227838076740390,1799776304440297664465568840231586,14077937182957605871,200626
25588675,1784728211,6535666601,-3370901033557481971,1799757333600221072680617436587247,14077937182957605871,200626
25588676,1784728223,-36281247134,18732406379192156160,1799862703588064262381630809892670,14077937182957605871,200627
25588676,1784728223,4390608844,-2264769765944937488,1799849957860849987294474491262545,14077937182957605871,200627
25588679,1784728259,-412132595491,212939645978232979456,1801047747983617166594927997629514,14078472450959159669,200640
25588679,1784728259,-8410254978,4348340533769401404,1801072206516043967416552948662146,14078472450959159669,200641
25588679,1784728259,-126668741,65492237205812680,1801072574896577865833784673372795,14078472450959159669,200641
25588680,1784728271,-386579093340,200000000000000000000,1802197451781674194148210992013685,14081918112541464963,200653
25588680,1784728271,390976165380,-202071267633305199818,1801060355847564366754981600269221,14078472450959159669,200641
25588681,1784728283,1000000000,-516510867644713181,1801057449125467584798853098644326,14078472450959159669,200641
25588681,1784728283,1240731357,-640848912043145239,1801053842677258994907154482403160,14078472450959159669,200641
25588681,1784728283,-1998046506,1033043050431771488,1801059653334623808977827217006134,14078472450959159669,200641
25588682,1784728295,-38682607,20000000000000000,1801059765830562141566072010567797,14078472450959159669,200641
25588683,1784728307,1938263237,-1001131854167062908,1801054131850205504865882152633070,14078472450959159669,200641
25588683,1784728307,-301463884,155864448682483479,1801055008556075866242208056034070,14078472450959159669,200641
25588686,1784728343,14725885374,-7605866181196642129,1801012205702004539783872530446929,14078472450959159669,200640
25588686,1784728343,468348573,-241894400268417888,1801010844414483999796073770902123,14078472450959159669,200640
25588688,1784728367,-2910430214,1504700000000000000,1801019308046404452072670814513862,14078472450959159669,200640
25588688,1784728367,-1934217,1000000000000000,1801019313671201368702083054191945,14078472450959159669,200640
25588689,1784728379,1463182,-755715967537145,1801019309418326087010688690539423,14078472450959159669,200640
25588691,1784728403,2079380837,-1073971975357099677,1801013265522122450178904543262402,14078472450959159669,200640
25588692,1784728415,35621839157,-18397077003469136927,1800909731719339092013095173981068,14077848583037097538,200639
25588693,1784728427,39193377312,-20239171956712444830,1800795828490768166461123409739776,14077848583037097538,200638
25588694,1784728439,209821928214,-108306976198942817348,1800186291979482066288026574651392,14077848583037097538,200631
25588698,1784728487,93051250859,-48008215221882570063,1799916109362427301472505169839442,14077937182957605871,200628
25588700,1784728511,128581300405,-66315631894631647248,1799542896611673984688336191293260,14077937182957605871,200624
25588702,1784728535,-21959453,11334542086653240,1799542960368595423538709974200752,14077937182957605871,200624
25588705,1784728571,-11113282805,5736310158799719424,1799575227175083718320188349239177,14077937182957605871,200624
25588705,1784728571,1008588,-520088361102566,1799575224248117596813831060106742,14077937182957605871,200624
25588705,1784728571,226694,-116896744240180,1799575223590243212968651576948503,14077937182957605871,200624
25588706,1784728583,-63423934600,32741281132832940032,1799759393649609917987869158056476,14077937182957605871,200626
25588707,1784728595,-138580251392,71562483141167734784,1800161934033449943261084525764465,14077848583037097538,200631
25588708,1784728607,140343,-72416072903755,1800161933625902415041696325036658,14077848583037097538,200631
25588708,1784728607,-8020201537,4142591265445861170,1800185235893086705279843030175685,14077848583037097538,200631
25588708,1784728607,2522466,-1301616991502637,1800185228567768356682356041525998,14077848583037097538,200631
25588710,1784728631,-580259041868,300000000000000000000,1801872698947090894788147556088945,14081918112541464963,200650
25588710,1784728631,302401013296,-156258296706277743334,1800993341097147628963291095135981,14078472450959159669,200640
25588712,1784728655,81121360603,-41891529468498285827,1800757582919502368654547696662859,14077848583037097538,200637
25588713,1784728667,89072935882,-45985136815708162261,1800498785002236404437829111501766,14077848583037097538,200634
25588713,1784728667,11991783219,-6189914673470673586,1800463949028344052503755533659940,14077848583037097538,200634
25588714,1784728679,734240,-378991971224597,1800463946895430254584079744910351,14077848583037097538,200634
25588716,1784728703,155721226531,-80358385815226939359,1800011701442036091178679717794672,14077937182957605871,200629
25588716,1784728703,49086291,-25324125868455667,1800011558922295182931926914153278,14077937182957605871,200629
25588717,1784728715,4933483,-2545234660366080,1800011544598160710124378111284890,14077937182957605871,200629
25588717,1784728715,18407,-9495950058313,1800011544544719167896292040994194,14077937182957605871,200629
25588719,1784728739,9385531105,-4842019014228541623,1799984294510543645169556165332578,14077937182957605871,200629
25588719,1784728739,221986158,-114521439633860492,1799983650003957718436817562010466,14077937182957605871,200629
25588720,1784728751,1158659447,-597744717328698556,1799980286001477021777389504355026,14077937182957605871,200629
25588720,1784728751,56962,-29385934224400,1799980285836098135502580883118324,14077937182957605871,200629
25588721,1784728763,116349512520,-60012566383709791478,1799642545633073040471470333904131,14077937182957605871,200625
25588721,1784728763,-2760549041,1425042900852015769,1799650561514754189237400397674810,14077937182957605871,200625
25588722,1784728775,1500000000,-773553244370363677,1799646208092703648740414759815165,14077937182957605871,200625
25588722,1784728775,222129389,-114552287585064718,1799645563412510860471229583725695,14077937182957605871,200625
25588722,1784728775,16273407457,-8391984870601292570,1799598334792827137522344343737447,14077937182957605871,200624
25588723,1784728787,18997364446,-9796136898845978812,1799543203851685184289074309435605,14077937182957605871,200624
25588724,1784728799,986772411,-508820374969956414,1799540340299814283031993684803812,14077937182957605871,200624
25588727,1784728835,86829377729,-44766453191101202660,1799288402549097125699937537135757,14077937182957605871,200621
25588728,1784728847,-267726343,138150000000000000,1799289179644336566284228234560209,14077937182957605871,200621
25588729,1784728859,-134889746614,69619904421263212544,1799680792357301257772039209636837,14077937182957605871,200625
25588733,1784728907,-27998515912,14454518497594024159,1799762099179689141832174783067850,14077937182957605871,200626
25588735,1784728931,252000000,-129973315926973649,1799761367712652249094846481513416,14077937182957605871,200626
25588736,1784728943,1059164472,-546281060838080187,1799758293338608377181930713373630,14077937182957605871,200626
25588737,1784728955,1717625599,-885888979125991881,1799753307710735796755348383879899,14077937182957605871,200626
25588738,1784728967,420764131,-217014127157913976,1799752086393272100965598957226869,14077937182957605871,200626
25588740,1784728991,-1760910078,909121269867062314,1799757200210216638590183196282228,14077937182957605871,200626
25588741,1784729003,90120142301,-46474017934879489057,1799495652584468395773781295384665,14077937182957605871,200623
25588742,1784729015,-468110461,241606332162119691,1799497011622691645022730899320291,14077937182957605871,200623
25588742,1784729015,499972948,-257793549668076089,1799495560805786952707356336042617,14077937182957605871,200623
25588744,1784729039,-221229155,114183173403088869,1799496203087368391426859801583884,14077937182957605871,200623
25588745,1784729051,151500830295,-78097013384495923178,1799056675118799279106416740212938,14076343496695831396,200618
25588746,1784729063,1665105779,-858131774432868586,1799051845156835124114910353226429,14076343496695831396,200618
25588746,1784729063,299803563,-154506789605564944,1799050975521262555118572383066190,14076343496695831396,200618
25588746,1784729063,-355003303,183137640666023346,1799052005789096754549575347944099,14076343496695831396,200618
25588746,1784729063,1000000000,-515359595236272886,1799049105107270238362381512194070,14076343496695831396,200618
25588747,1784729075,-34132689307,17609153943521036514,1799148168002421107331719808788602,14076343496695831396,200619
25588747,1784729075,10129135,-5220713088311367,1799148138617836602259680721866994,14076343496695831396,200619
25588748,1784729087,80268143767,-41366091941948659644,1798915311147000442990573541257908,14076343496695831396,200617
25588748,1784729087,467991731,-241147585798730476,1798913953857010889308824446522504,14076343496695831396,200617
25588749,1784729099,34813010230,-17937487654623214156,1798812993391863694750372359841692,14076343496695831396,200616
25588749,1784729099,-567676634,292773310107801659,1798814640431341866449279874302643,14076343496695831396,200616
25588750,1784729111,572974433902,-294935884276917086785,1797135288201713792339966740764628,13835703534469095345,200597
25588751,1784729123,155181079353,-79783580491103083420,1796678419025139493995362633152885,13835703534469095345,200592
25588751,1784729123,677604054,-348289070622991488,1796676424597966310184477732825853,13835703534469095345,200592
25588751,1784729123,-115040351,59189960808165673,1796676763371275996100783228320514,13835703534469095345,200592
25588752,1784729135,186921124910,-96048138200108255925,1796126758459909098738617717228562,13835741008031286905,200586
25588753,1784729147,-3847117579,1978200000000000000,1796138080642538799826306573073623,13835741008031286905,200586
25588753,1784729147,69971368482,-35939636100305476939,1795932278052854180543148924645349,13835741008031286905,200584
25588753,1784729147,986728412,-506757837589097344,1795929376184982515379422995477489,13835741008031286905,200584
25588753,1784729147,55344735944,-28420983434104214200,1795766627959713963045533892708977,13835741008031286905,200582
25588755,1784729171,668610121677,-342948503906916056632,1793833546824424337307288014973218,14035184685195458340,200560
25588756,1784729183,-698262195,358130522217512960,1793835567448793739022798827807744,14035184685195458340,200560
25588756,1784729183,12814901425,-6565913981597425168,1793798503077240623497557728319421,14035184685195458340,200560
25588756,1784729183,-374157442,191893382616544111,1793799585767548171250734641680603,14035184685195458340,200560
25588756,1784729183,-321719764,164999960660934448,1793800516721266936706964996812029,14035184685195458340,200560
25588757,1784729195,-580047767,297488710734184448,1793802195195737108508896406059190,14035184685195458340,200560
25588757,1784729195,-6594046233,3381923222947318353,1793821276497262094173522944346476,14035184685195458340,200560
25588757,1784729195,-4182123714,2144945104042329694,1793833378588760524088880276457167,14035184685195458340,200560
25588757,1784729195,-598576204,307002635383510100,1793835110742173993003077303455007,14035184685195458340,200560
25588757,1784729195,-468362234,240217847907782952,1793836466086126366032756688419529,14035184685195458340,200560
25588757,1784729195,-501595196,257263071946537735,1793837917601705947371900872821117,14035184685195458340,200560
25588757,1784729195,-468264946,240168701683704561,1793839272668368193265864021730428,14035184685195458340,200560
25588757,1784729195,-49804728,25544399821314646,1793839416793578357118077042013198,14035184685195458340,200560
25588757,1784729195,-44293021,22717497929413620,1793839544968997876726513323888521,14035184685195458340,200560
25588757,1784729195,651607,-333869255066580,1793839543084316756225601354675382,14035184685195458340,200560
25588757,1784729195,-1528008704,783704101246231866,1793843964856567758089951319043244,14035184685195458340,200560
25588757,1784729195,-33327912,17093676905797901,1793844061301573072539280628542606,14035184685195458340,200560
25588759,1784729219,4059077,-2079793626356441,1793844049561205480589449968998132,14035184685195458340,200560
25588759,1784729219,-1948232001,999239147747843164,1793849687413461963736391642478691,14035184685195458340,200560
25588759,1784729219,168550,-86361985267212,1793849686925951356838384682396726,14035184685195458340,200560
25588759,1784729219,-40612952,20830261336845199,1793849804453308192042844351518526,14035184685195458340,200560
25588760,1784729231,-228032165252,117000061488634789888,1794509935776384440469185469826123,14035184685195458340,200568
25588761,1784729243,-112352877927,57678328574963712000,1794834930394758593057281485217642,14071680606187999120,200571
25588762,1784729255,-90954347455,46708306326050562048,1795097781939022443577798454983691,14071680606187999120,200574
25588762,1784729255,-4641024502,2383698709488999545,1795111196231599767908342859803098,14071680606187999120,200574
25588763,1784729267,-262568846474,134917284016363094016,1795870453208394816817946325728079,14071294708081239499,200583
25588763,1784729267,-37567080000,19312645409083576906,1795979138328568470674945787982719,14071294708081239499,200584
25588763,1784729267,591045,-303561299036500,1795979136619372235925303680746142,14071294708081239499,200584
25588764,1784729279,-128578680959,66117974761572737024,1796351226505578101774701679278779,14071294708081239499,200588
25588765,1784729291,-145027101324,74608998379862278144,1796771101857762631383072803711710,14071257234519047939,200593
25588766,1784729303,-150790666781,77611050518887661568,1797207872100145423707755091012845,14071257234519047939,200598
25588769,1784729339,-49515183410,25493397538803105792,1797351340811723733362836348109511,14071257234519047939,200599
25588772,1784729375,-4855261382,2500000000000000000,1797365410364656722686220416205034,14069972220297030092,200600
25588772,1784729375,1000000000,-514393758411736609,1797362513807957841874093917149040,14069972220297030092,200600
25588773,1784729387,72679060755,-37381217036596296143,1797152038916177258901880581711462,14071257234519047939,200597
25588773,1784729387,-14199719379,7310000000000000000,1797193177265039592683622890845747,14071257234519047939,200598
25588775,1784729411,399957093,-205696203537632269,1797192019093316140159481570664125,14071257234519047939,200598
25588778,1784729447,-42205921475,21729510000000000000,1797314305846118817387074911807290,14071257234519047939,200599
25588778,1784729447,36094363980,-18564609923471501087,1797209777877685227916319391310150,14071257234519047939,200598
25588780,1784729471,223174516094,-114738623696301488389,1796563742475633656545651629029170,14071257234519047939,200591
25588781,1784729483,6570000000,-3376522640225567804,1796544730977228480257873594772408,14071257234519047939,200590
25588781,1784729483,-838905399,431566455420385199,1796547159695614303052151270769158,14071257234519047939,200590
25588784,1784729519,-11663152,6000000000000000,1796547193461700920562779239832742,14071257234519047939,200590
25588786,1784729543,-4049420139,2083200000000000000,1796558917046974520252810098709423,14071257234519047939,200591
25588787,1784729555,-53690054061,27623097799917887488,1796714371032467186027931371535625,14071257234519047939,200592
25588787,1784729555,-911918565,469216000000000000,1796717011630483573005733560225468,14071257234519047939,200592
25588787,1784729555,-1943485237,1000000000000000000,1796722639311586491443728404156286,14071257234519047939,200592
25588787,1784729555,-1261544081,649117664102110245,1796726292338798329447671584500812,14071257234519047939,200592
25588787,1784729555,-2397709098,1233729784856493180,1796733235376594673964428370579239,14071257234519047939,200593
25588790,1784729591,-194631917877,100178736341557105346,1797297009358018303461162706010112,14071257234519047939,200599
25588790,1784729591,-221803300,114199945699931552,1797297652038894673277688468640147,14071257234519047939,200599
25588791,1784729603,-955002485,491703408311123604,1797300419188873866376822357928428,14071257234519047939,200599
25588791,1784729603,-1398402307,720000000000000000,1797304471119267967652178645558617,14071257234519047939,200599
25588792,1784729615,187693864,-96542131683323638,1797303927539147797863432850641659,14071257234519047939,200599
25588794,1784729639,-29126841180,14997361586223783936,1797388330350813050859221019449740,14069972220297030092,200600
25588794,1784729639,-482919508,248666314152249411,1797389729893339047906377188035355,14069972220297030092,200600
25588795,1784729651,176008012489,-90514346629192516605,1796880086623839986731725519247275,14071257234519047939,200594
25588795,1784729651,-230682056535,118760371123951747072,1797548449185822036173094897991712,14069972220297030092,200602
25588796,1784729663,-27519453746,14173539721810042769,1797628220632357558296851259588608,14069972220297030092,200602
25588796,1784729663,-790080184,406939185530245810,1797630510965479621140368785753676,14069972220297030092,200602
25588797,1784729675,-126843215014,65345393839686557696,1797998287589621293321186377907720,14069972220297030092,200607
25588798,1784729687,-468276454,241289948930926612,1797999645616524839769145989916815,14069972220297030092,200607
25588798,1784729687,-1923106451,990927564979966193,1798005222750171189027610370057067,14069972220297030092,200607
25588799,1784729699,-121305365530,62517978130273255424,1798357084530449551345838923672790,14070204663479394952,200611
25588799,1784729699,414838,-213625658375554,1798357083327541080303757837584671,14070204663479394952,200611
25588800,1784729711,-564512977661,291259097661519757312,1799996224521981056010178095627261,14071798349741169427,200629
